@article{wang2015supervised,
  title={Supervised detection and unsupervised discovery of pronunciation error patterns for computer-assisted language learning},
  author={Wang, Yow-Bang and Lee, Lin-shan},
  journal={IEEE/ACM Transactions on Audio, Speech, and Language Processing},
  volume={23},
  number={3},
  pages={564--579},
  year={2015},
  publisher={IEEE},
  url = {DOI: 10.1109/TASLP.2014.2387413}
}